@article{gallager,
  author={Gallager, R.G.},
  journal={Information Theory, IRE Transactions on},
  title={Low-density parity-check codes},
  year={1962},
  volume={8},
  number={1},
  pages={21-28},
  keywords={Error-correcting codes;Parity checks;Channel capacity;Communication systems;Data communication;Equations;Error correction codes;Error probability;Information theory;Linear approximation;Maximum likelihood decoding;Parity check codes},
  doi={10.1109/TIT.1962.1057683},
  ISSN={0096-1000}
}

@book{mitzenmacher,
  title={Probability and computing: Randomized algorithms and probabilistic analysis},
  author={Mitzenmacher, Michael and Upfal, Eli},
  year={2005},
  publisher={Cambridge University Press}
}
